<?xml version="1.0" encoding="UTF-8"?><collection xmlns="http://www.loc.gov/MARC21/slim"><record><leader>00401nam--2200133-i-4500</leader><controlfield tag="001">000041578</controlfield><controlfield tag="002">20161230</controlfield><controlfield tag="005">20161230201043</controlfield><controlfield tag="008">060222s1000------------r-----000-0-eng-d</controlfield><datafield ind1=" " ind2=" " tag="080"><subfield code="a">539.2</subfield></datafield><datafield ind1=" " ind2=" " tag="100"><subfield code="a">Siklos,T. Kkand Aksienov,V.L</subfield></datafield><datafield ind1=" " ind2=" " tag="245"><subfield code="a">Thermodynamics of strongly anharmonic crystals. 3:the low temperature limit</subfield></datafield><datafield ind1=" " ind2=" " tag="260"><subfield code="a">Dubna, The Joint Inst.For Nuclear Research, 1971. 16 P</subfield></datafield><datafield ind1=" " ind2=" " tag="852"><subfield code="a">34525</subfield></datafield></record></collection>